<?xml version="1.0" encoding="UTF-8"?><collection xmlns="http://www.loc.gov/MARC21/slim"><record><leader>00563nam--2200169-i-4500</leader><controlfield tag="001">000004866</controlfield><controlfield tag="002">20161230</controlfield><controlfield tag="005">20161230201026</controlfield><controlfield tag="008">060222s1000------------r-----000-0-eng-d</controlfield><datafield ind1=" " ind2=" " tag="040"><subfield code="a">IFIN-HH</subfield></datafield><datafield ind1=" " ind2=" " tag="080"><subfield code="a">53(07)</subfield></datafield><datafield ind1="1" ind2=" " tag="100"><subfield code="a">Flugge, S</subfield></datafield><datafield ind1="1" ind2="0" tag="245"><subfield code="a">Handbuch der physik. encyclopedia of physics. band iii/1. prinzipien der klassischen mechanik und feldtheorie. vol. iii/1 principles of classical mechanics and field theory</subfield><subfield code="c">S. flugge (ed.)</subfield></datafield><datafield ind1=" " ind2=" " tag="260"><subfield code="a">Berlin</subfield><subfield code="b">Springer-verlag</subfield><subfield code="c">1960</subfield></datafield><datafield ind1=" " ind2=" " tag="300"><subfield code="a">VII+902P</subfield></datafield><datafield ind1=" " ind2=" " tag="852"><subfield code="a">10740</subfield><subfield code="c">53</subfield></datafield><datafield ind1=" " ind2=" " tag="CAT"><subfield code="a">Sys</subfield><subfield code="c">20150129</subfield><subfield code="h">225644</subfield></datafield></record></collection>